@article{fcw,
  journal =      "Federal Computer Week",
  author =       "Lauren C. Williams",
  year =         "2020",
  title =        "Ethics vs. compliance in AI",
  url = "https://fcw.com/articles/2020/10/22/ai-defense-ethics-compliance.aspx",
  month = "October"
}
  
@misc{hippa,
  author = "104th Congress, 1st Session, S.1028",
  year = "1996",
  title = "Health Insurance Reform Act of 1995",
  url = "https://www.govinfo.gov/content/pkg/BILLS-104s1028is/pdf/BILLS-104s1028is.pdf"
}

@article {dod,
  author = "Department of Defense",
  year = "2020",
  title = "DOD Adopts 5 Principles of Artificial Intelligence Ethics",
  url = "https://www.defense.gov/Explore/News/Article/Article/2094085/dod-adopts-5-principles-of-artificial-intelligence-ethics/"
}
