@article{amaethics,
  journal =       "American Medical Association",
  year =         "2001",
  title =        "Principles of Medical Ethics, Code of Medical Ethics",
  url = "https://www.ama-assn.org/sites/ama-assn.org/files/corp/media-browser/principles-of-medical-ethics.pdf",
  month = "June"
}

@misc{bonjovi,
  author =       "Jon Bon Jovi",
  year =         "1986",
  title =        "You Give Love a Bad Name"
}
