@online{kruger,
  journal =      "University of Michigan, Institute for Healthcare Policy and Innovation",
  author =       "Daniel Kruger Ph.D. M.S.",
  year =         "2018",
  title =        "Social media copies gambling methods 'to create psychological cravings'",
  url = "https://ihpi.umich.edu/news/social-media-copies-gambling-methods-create-psychological-cravings",
  month = "May"
}

@online{kuss,
  journal =      "Int J Environ Res Public Health",
  author =       "Kuss DJ, Griffiths MD.",
  issue_date =   "March 2017",
  volume =       "14",
  number =       "3",
  pages =        "311",
  year =         "2017",
  title =        "Social Networking Sites and Addiction: Ten Lessons Learned.",
  url =          "https://doi.org/10.3390/ijerph14030311",
  month =        "Mar"
}

@misc{lootbox,
    author = "The Digital Culture Media and Sport Committee",
    title = "Immersive and addictive technologies",
    year = "2019",
    url = "https://publications.parliament.uk/pa/cm201719/cmselect/cmcumeds/1846/184602.htm",
    publisher = "Parliamentary Copyright House of Commons"
}

@misc{npr,
  author = "Abigal Clukey",
  title = "Lawmaker Aims To Curb Social Media Addiction With New Bill",
  year = "2019",
  url = "https://www.npr.org/2019/08/03/747086462/lawmaker-aims-to-curb-social-media-addiction-with-new-bill",
  publisher = "npr",
  month = "April"
}
