@misc{ntp,
  year = "2015",
  month = "March",
  title = "NTP's Fate Hinges On 'Father Time'",
  author = "Charles Babcock",
  url = "https://www.informationweek.com/it-life/ntps-fate-hinges-on-father-time/d/d-id/1319432"
}

@techreport{ford,
  author = "Nadia Eghbal",
  title = "Roads and Bridges", 
  year = "2020",
  month = "March",
  source = "https://www.fordfoundation.org/media/2976/roads-and-bridges-the-unseen-labor-behind-our-digital-infrastructure.pdf",
  publisher = "Ford Foundation",
  address = "New York, NY, USA",
}

@misc{gartner,
  year = "2019",
  month = "January",
  title = "What Is Open Source Software And How Much Can It Save Us?",
  author = "Jerry Gartner",
  url = "https://gartnertechnology.com/blog/2019/01/26/open-source-software-much-can-save-us/"
}

@misc{lbip,
  year = "2019",
  month = "June",
  title = "Load-Bearing Internet People",
  author = "Eric S. Raymond",
  url = "http://esr.ibiblio.org/?p=8383"
}

@misc{amazon,
  year = "2002",
  month = "May",
  title = "How Linux saved Amazon millions",
  author = "Stephen Shankland",
  url = "https://www.cnet.com/news/how-linux-saved-amazon-millions/"
}

@misc{infoworld,
  year = "2003",
  month = "May",
  title = "Big companies save big from open source",
  author = "John Blau",
  url = "https://www.infoworld.com/article/2678641/big-companies-save-big-from-open-source.html"
}

@misc{eu,
  year = "2006",
  month = "November",
  title = "FLOSS Impact",
  author = "Philippe Aigrain et al.",
  publisher = "European Commission’s Directorate General for Enterprise and Industry",
  url = "https://ec.europa.eu/growth/ict/policy/doc/2006-11-20-flossimpact.pdf"
}

@misc{hosting,
  year = "2020",
  month = "November",
  title = "111+ Linux Statistics and Facts – Linux Rocks!",
  author = "Nick Galov",
  url = "https://hostingtribunal.com/blog/linux-statistics/#gref"
}

@misc{osuse,
  year = "2020",
  month = "November",
  title = "Desktop Operating System Market Share Worldwide",
  author = "GlobalStats",
  url = "https://gs.statcounter.com/os-market-share/desktop/worldwide"
}

@misc{enlyft,
  year = "2020",
  month = "November",
  title = "Network Security products",
  author = "enlyft",
  url = "https://enlyft.com/tech/network-security"
}

@misc{insider,
  year = "2020",
  month = "March",
  title = "Financial Distress One of the Top Motivators for Becoming an Insider Threat to Government Agencies",
  author = "TransUnion",
  url = "https://www.globenewswire.com/news-release/2020/03/11/1998781/0/en/Financial-Distress-One-of-the-Top-Motivators-for-Becoming-an-Insider-Threat-to-Government-Agencies.html"
}

@misc{staltz,
  year = "2019",
  month = "June",
  title = "Software Below the Poverty Line",
  author = "André Staltz",
  url = "https://staltz.com/software-below-the-poverty-line.html"
}

