@misc{classics,
  year = "2018",
  month = "July",
  title = "Compensating Legacy Artists for their Songs, Service, and Important Contributions to Society Act",
  author = "Rep. Darrell E. Issa",
  url = "https://www.congress.gov/bill/115th-congress/house-bill/3301/all-info?r=1#titles-content"
}

@misc{eff,
  year = "2018",
  month = "September",
  title = "The New Music Modernization Act Has a Major Fix: Older Recordings Will Belong to the Public, Orphan Recordings Will Be Heard Again",
  author = " Mitch Stoltx",
  journal = "Electronic Frontier Foundation",
  url = "https://www.eff.org/es/deeplinks/2018/09/new-music-modernization-act-has-major-fix-older-recordings-will-belong-public"
}

@misc{lobby,
  year = "2007",
  month = "April",
  author = "Robert G. Kaiser",
  title = "How lobbying became Washington's biggest business â€“ Big money creates a new capital city. As lobbying booms, Washington and politics are transformed",
  journal = "Washington Post",
  url = "https://web.archive.org/web/20080828172846/http://blog.washingtonpost.com/citizen-k-street/chapters/conclusion/"
}

@misc(google,
  year = "2020",
  month = "October",
  author = "Adam Liptak",
  title = "Supreme Court Hears Copyright Battle Between Google and Oracle",
  journal = "The New York Times",
  url = "https://www.nytimes.com/2020/10/07/us/supreme-court-google-oracle.html"
}
  
  
