@online{kruger,
  journal =      "University of Michigan, Institute for Healthcare Policy and Innovation",
  author =       "Daniel Kruger Ph.D. M.S.",
  year =         "2018",
  title =        "Social media copies gambling methods 'to create psychological cravings'",
  url = "https://ihpi.umich.edu/news/social-media-copies-gambling-methods-create-psychological-cravings",
  month = "May"
}

